<!-- READ ME -->
<!-- Load using EC - EC_PEACH1 -->
<!-- To change the id's simply to a search and replace on 'JH305' and so on for subsequent loads -->
<!-- To change the Settlement Date simple to a search and replace on the <IntrBkSttlmDt> ie. '2008-12-18'  -  Note the collection date is currently the same as the settlement date so this will replace both dates making it even easier. -->
<S2SDDDnf:MPEDDDnfBlkDirDeb xmlns:S2SDDDnf="urn:S2SDDDnf:xsd:$MPEDDDnfBlkDirDeb" xmlns:sw3="urn:iso:std:iso:20022:tech:xsd:pacs.003.001.01" xmlns:xsi="http://www.w3.org/2001/XMLSchema-instance" xsi:schemaLocation="urn:S2SDDDnf:xsd:$MPEDDDnfBlkDirDeb
W:\QA\XSD\MPEDDDnfBlkDirDeb.xsd">
	<S2SDDDnf:SndgInst>EBAPFRPP</S2SDDDnf:SndgInst>
	<S2SDDDnf:RcvgInst>DKNBDKKK</S2SDDDnf:RcvgInst>
	<S2SDDDnf:SrvcID>SDD</S2SDDDnf:SrvcID>
	<S2SDDDnf:TstCode>T</S2SDDDnf:TstCode>
	<S2SDDDnf:FType>DNF</S2SDDDnf:FType>
	<S2SDDDnf:FileRef>DNF22000000JH305</S2SDDDnf:FileRef>
	<S2SDDDnf:FileBusDt>2008-09-23</S2SDDDnf:FileBusDt>
	<S2SDDDnf:RoutingInd>ALL</S2SDDDnf:RoutingInd>
	<S2SDDDnf:FileCycleNo>01</S2SDDDnf:FileCycleNo>
	<S2SDDDnf:NumDDBlk>1</S2SDDDnf:NumDDBlk>
	<S2SDDDnf:NumRFCBlk>0</S2SDDDnf:NumRFCBlk>
	<S2SDDDnf:NumREJBlk>0</S2SDDDnf:NumREJBlk>
	<S2SDDDnf:pacs.003.001.01 xmlns="urn:iso:std:iso:20022:tech:xsd:pacs.003.001.01">
		<GrpHdr>
			<MsgId>DNFJH305</MsgId>
			<CreDtTm>2008-09-22T14:00:47</CreDtTm>
			<NbOfTxs>3</NbOfTxs>
			<TtlIntrBkSttlmAmt Ccy="EUR">3000.00</TtlIntrBkSttlmAmt>
			<IntrBkSttlmDt>2008-12-18</IntrBkSttlmDt>
			<SttlmInf>
				<SttlmMtd>CLRG</SttlmMtd>
				<ClrSys>
					<Prtry>ST2</Prtry>
				</ClrSys>
			</SttlmInf>
			<InstdAgt>
				<FinInstnId>
					<BIC>DKNBDKKK</BIC>
				</FinInstnId>
			</InstdAgt>
		</GrpHdr>
		<DrctDbtTxInf>
			<PmtId>
				<InstrId>STEP2INSTID01JH305a</InstrId>
				<EndToEndId>e2eIDFJH305a</EndToEndId>
				<TxId>TXNIDIDFJH305a</TxId>
			</PmtId>
			<PmtTpInf>
				<SvcLvl>
					<Cd>SEPA</Cd>
				</SvcLvl>
				<LclInstrm>
					<Prtry>QANKPrty001</Prtry>
				</LclInstrm>
				<SeqTp>FRST</SeqTp>
			</PmtTpInf>
			<IntrBkSttlmAmt Ccy="EUR">1000.00</IntrBkSttlmAmt>
			<ChrgBr>SLEV</ChrgBr>
			<ReqdColltnDt>2008-12-18</ReqdColltnDt>
			<DrctDbtTx>
				<MndtRltdInf>
					<MndtId>MAND012345</MndtId>
					<DtOfSgntr>2005-04-04</DtOfSgntr>
					<AmdmntInd>true</AmdmntInd>
					<AmdmntInfDtls>
						<OrgnlMndtId>QANKOrgnlMndtId001</OrgnlMndtId>
						<OrgnlCdtrSchmeId>
							<Nm>QANKNm01</Nm>
							<Id>
								<PrvtId>
									<OthrId>
										<Id>QANKId01</Id>
										<IdTp>SEPA</IdTp>
									</OthrId>
								</PrvtId>
							</Id>
						</OrgnlCdtrSchmeId>
						<OrgnlDbtrAcct>
							<Id>
								<IBAN>BE62510007547061</IBAN>
							</Id>
						</OrgnlDbtrAcct>
						<OrgnlDbtrAgt>
							<FinInstnId>
								<PrtryId>
									<Id>SMNDA</Id>
								</PrtryId>
							</FinInstnId>
						</OrgnlDbtrAgt>
					</AmdmntInfDtls>
					<ElctrncSgntr>QANKElctrncSgntr001</ElctrncSgntr>
				</MndtRltdInf>
				<CdtrSchmeId>
					<Id>
						<PrvtId>
							<OthrId>
								<Id>FR32ABC20041010050500013X</Id>
								<IdTp>SEPA</IdTp>
							</OthrId>
						</PrvtId>
					</Id>
				</CdtrSchmeId>
			</DrctDbtTx>
			<Cdtr>
				<Nm>Gaz Company</Nm>
				<PstlAdr>
					<AdrLine>Creditor Add1</AdrLine>
					<AdrLine>Creditor Add2</AdrLine>
					<Ctry>NZ</Ctry>
				</PstlAdr>
				<CtryOfRes>AU</CtryOfRes>
			</Cdtr>
			<CdtrAcct>
				<Id>
					<IBAN>AT617601300035746811</IBAN>
				</Id>
			</CdtrAcct>
			<CdtrAgt>
				<FinInstnId>
					<!--<BIC>BSPRDKO2</BIC>-->
					<!--<BIC>KREDDKBB</BIC>-->
					<BIC>SOGEFRPP</BIC>
					<!--<BIC>SOGEFRPP</BIC>-->
				</FinInstnId>
			</CdtrAgt>
			<InstgAgt>
				<FinInstnId>
					<BIC>EBAPFRPP</BIC>
				</FinInstnId>
			</InstgAgt>
			<Dbtr>
				<Nm>RICK</Nm>
				<PstlAdr>
					<AdrLine>Debtor Add1</AdrLine>
					<AdrLine>Debtor Add2</AdrLine>
					<Ctry>FR</Ctry>
				</PstlAdr>
				<CtryOfRes>UK</CtryOfRes>
			</Dbtr>
			<DbtrAcct>
				<Id>
					<IBAN>BE62510007547061</IBAN>
				</Id>
			</DbtrAcct>
			<DbtrAgt>
				<FinInstnId>
					<BIC>BSPRDKO1</BIC>
				</FinInstnId>
			</DbtrAgt>
			<RmtInf>
				<Ustrd>RAZCO - Your Bill January 06</Ustrd>
			</RmtInf>
		</DrctDbtTxInf>
		<DrctDbtTxInf>
			<PmtId>
				<InstrId>STEP2INSTID02JH305a</InstrId>
				<EndToEndId>e2eIDF02JH305a</EndToEndId>
				<TxId>TXNIDIDF02JH305a</TxId>
			</PmtId>
			<PmtTpInf>
				<SvcLvl>
					<Cd>SEPA</Cd>
				</SvcLvl>
				<LclInstrm>
					<Prtry>QANKPrty001</Prtry>
				</LclInstrm>
				<SeqTp>FRST</SeqTp>
			</PmtTpInf>
			<IntrBkSttlmAmt Ccy="EUR">1000.00</IntrBkSttlmAmt>
			<ChrgBr>SLEV</ChrgBr>
			<ReqdColltnDt>2008-12-18</ReqdColltnDt>
			<DrctDbtTx>
				<MndtRltdInf>
					<MndtId>MAND012345</MndtId>
					<DtOfSgntr>2005-04-04</DtOfSgntr>
					<AmdmntInd>true</AmdmntInd>
					<AmdmntInfDtls>
						<OrgnlMndtId>QANKOrgnlMndtId001</OrgnlMndtId>
						<OrgnlCdtrSchmeId>
							<Nm>QANKNm01</Nm>
							<Id>
								<PrvtId>
									<OthrId>
										<Id>QANKId01</Id>
										<IdTp>SEPA</IdTp>
									</OthrId>
								</PrvtId>
							</Id>
						</OrgnlCdtrSchmeId>
						<OrgnlDbtrAcct>
							<Id>
								<IBAN>BE62510007547061</IBAN>
							</Id>
						</OrgnlDbtrAcct>
						<OrgnlDbtrAgt>
							<FinInstnId>
								<PrtryId>
									<Id>SMNDA</Id>
								</PrtryId>
							</FinInstnId>
						</OrgnlDbtrAgt>
					</AmdmntInfDtls>
					<ElctrncSgntr>QANKElctrncSgntr001</ElctrncSgntr>
				</MndtRltdInf>
				<CdtrSchmeId>
					<Id>
						<PrvtId>
							<OthrId>
								<Id>FR32ABC20041010050500013X</Id>
								<IdTp>SEPA</IdTp>
							</OthrId>
						</PrvtId>
					</Id>
				</CdtrSchmeId>
			</DrctDbtTx>
			<Cdtr>
				<Nm>Gaz Company</Nm>
				<PstlAdr>
					<AdrLine>Creditor Add1</AdrLine>
					<AdrLine>Creditor Add2</AdrLine>
					<Ctry>NZ</Ctry>
				</PstlAdr>
				<CtryOfRes>AU</CtryOfRes>
			</Cdtr>
			<CdtrAcct>
				<Id>
					<IBAN>AT617601300035746811</IBAN>
				</Id>
			</CdtrAcct>
			<CdtrAgt>
				<FinInstnId>
					<!--<BIC>BSPRDKO2</BIC>-->
					<!--<BIC>KREDDKBB</BIC>-->
					<BIC>SOGEFRPP</BIC>
					<!--<BIC>SOGEFRPP</BIC>-->
				</FinInstnId>
			</CdtrAgt>
			<InstgAgt>
				<FinInstnId>
					<BIC>EBAPFRPP</BIC>
				</FinInstnId>
			</InstgAgt>
			<Dbtr>
				<Nm>RICK</Nm>
				<PstlAdr>
					<AdrLine>Debtor Add1</AdrLine>
					<AdrLine>Debtor Add2</AdrLine>
					<Ctry>FR</Ctry>
				</PstlAdr>
				<CtryOfRes>UK</CtryOfRes>
			</Dbtr>
			<DbtrAcct>
				<Id>
					<IBAN>BE62510007547061</IBAN>
				</Id>
			</DbtrAcct>
			<DbtrAgt>
				<FinInstnId>
					<BIC>BSPRDKO1</BIC>
				</FinInstnId>
			</DbtrAgt>
			<RmtInf>
				<Ustrd>RAZCO - Your Bill January 06</Ustrd>
			</RmtInf>
		</DrctDbtTxInf>
		<DrctDbtTxInf>
			<PmtId>
				<InstrId>STEP2INSTID03JH305a</InstrId>
				<EndToEndId>e2eIDF03JH305a</EndToEndId>
				<TxId>TXNIDIDF03JH305a</TxId>
			</PmtId>
			<PmtTpInf>
				<SvcLvl>
					<Cd>SEPA</Cd>
				</SvcLvl>
				<LclInstrm>
					<Prtry>QANKPrty001</Prtry>
				</LclInstrm>
				<SeqTp>FRST</SeqTp>
			</PmtTpInf>
			<IntrBkSttlmAmt Ccy="EUR">1000.00</IntrBkSttlmAmt>
			<ChrgBr>SLEV</ChrgBr>
			<ReqdColltnDt>2008-12-18</ReqdColltnDt>
			<DrctDbtTx>
				<MndtRltdInf>
					<MndtId>MAND012345</MndtId>
					<DtOfSgntr>2005-04-04</DtOfSgntr>
					<AmdmntInd>true</AmdmntInd>
					<AmdmntInfDtls>
						<OrgnlMndtId>QANKOrgnlMndtId001</OrgnlMndtId>
						<OrgnlCdtrSchmeId>
							<Nm>QANKNm01</Nm>
							<Id>
								<PrvtId>
									<OthrId>
										<Id>QANKId01</Id>
										<IdTp>SEPA</IdTp>
									</OthrId>
								</PrvtId>
							</Id>
						</OrgnlCdtrSchmeId>
						<OrgnlDbtrAcct>
							<Id>
								<IBAN>BE62510007547061</IBAN>
							</Id>
						</OrgnlDbtrAcct>
						<OrgnlDbtrAgt>
							<FinInstnId>
								<PrtryId>
									<Id>SMNDA</Id>
								</PrtryId>
							</FinInstnId>
						</OrgnlDbtrAgt>
					</AmdmntInfDtls>
					<ElctrncSgntr>QANKElctrncSgntr001</ElctrncSgntr>
				</MndtRltdInf>
				<CdtrSchmeId>
					<Id>
						<PrvtId>
							<OthrId>
								<Id>FR32ABC20041010050500013X</Id>
								<IdTp>SEPA</IdTp>
							</OthrId>
						</PrvtId>
					</Id>
				</CdtrSchmeId>
			</DrctDbtTx>
			<Cdtr>
				<Nm>Gaz Company</Nm>
				<PstlAdr>
					<AdrLine>Creditor Add1</AdrLine>
					<AdrLine>Creditor Add2</AdrLine>
					<Ctry>NZ</Ctry>
				</PstlAdr>
				<CtryOfRes>AU</CtryOfRes>
			</Cdtr>
			<CdtrAcct>
				<Id>
					<IBAN>AT617601300035746811</IBAN>
				</Id>
			</CdtrAcct>
			<CdtrAgt>
				<FinInstnId>
					<!--<BIC>BSPRDKO2</BIC>-->
					<!--<BIC>KREDDKBB</BIC>-->
					<BIC>SOGEFRPP</BIC>
					<!--<BIC>SOGEFRPP</BIC>-->
				</FinInstnId>
			</CdtrAgt>
			<InstgAgt>
				<FinInstnId>
					<BIC>EBAPFRPP</BIC>
				</FinInstnId>
			</InstgAgt>
			<Dbtr>
				<Nm>RICK</Nm>
				<PstlAdr>
					<AdrLine>Debtor Add1</AdrLine>
					<AdrLine>Debtor Add2</AdrLine>
					<Ctry>FR</Ctry>
				</PstlAdr>
				<CtryOfRes>UK</CtryOfRes>
			</Dbtr>
			<DbtrAcct>
				<Id>
					<IBAN>BE62510007547061</IBAN>
				</Id>
			</DbtrAcct>
			<DbtrAgt>
				<FinInstnId>
					<BIC>BSPRDKO1</BIC>
				</FinInstnId>
			</DbtrAgt>
			<RmtInf>
				<Ustrd>RAZCO - Your Bill January 06</Ustrd>
			</RmtInf>
		</DrctDbtTxInf>
	</S2SDDDnf:pacs.003.001.01>
</S2SDDDnf:MPEDDDnfBlkDirDeb>
